<record><leader>00000cas a2200000 a 4500</leader><controlfield tag="001">12193153</controlfield><controlfield tag="008">850624d18811883ksuwr ne      0    0eng d</controlfield><datafield ind1=" " ind2=" " tag="010"><subfield code="a">sn 85029385 </subfield></datafield><datafield ind1=" " ind2=" " tag="040"><subfield code="a">KSH</subfield><subfield code="b">eng</subfield><subfield code="c">KSH</subfield><subfield code="d">NPT</subfield><subfield code="d">OCL</subfield><subfield code="d">OCLCQ</subfield></datafield><datafield ind1=" " ind2=" " tag="042"><subfield code="a">msc</subfield></datafield><datafield ind1="0" ind2="0" tag="245"><subfield code="a">Lyndon leader.</subfield></datafield><datafield ind1=" " ind2=" " tag="260"><subfield code="a">Lyndon, Kan. :</subfield><subfield code="b">Stavely &amp; Richardson,</subfield><subfield code="c">-1883.</subfield></datafield><datafield ind1=" " ind2=" " tag="300"><subfield code="a">v. ;</subfield><subfield code="c">50-55 cm.</subfield></datafield><datafield ind1=" " ind2=" " tag="310"><subfield code="a">Weekly</subfield></datafield><datafield ind1="0" ind2=" " tag="362"><subfield code="a">-v. 3, no. 2 (Jan. 11, 1883).</subfield></datafield><datafield ind1="1" ind2=" " tag="362"><subfield code="a">Began in 1881.</subfield><subfield code="z">Cf. Ayer, 1882.</subfield></datafield><datafield ind1=" " ind2=" " tag="500"><subfield code="a">Published by J.H. Stavely, &lt;Feb. 2, 1882&gt;-Jan. 11, 1883.</subfield></datafield><datafield ind1=" " ind2=" " tag="500"><subfield code="a">"Republican."</subfield></datafield><datafield ind1=" " ind2=" " tag="588"><subfield code="a">Description based on: Vol. 1, no. 35 (Aug. 25, 1881).</subfield></datafield><datafield ind1=" " ind2=" " tag="752"><subfield code="a">United States</subfield><subfield code="b">Kansas</subfield><subfield code="c">Osage</subfield><subfield code="d">Lyndon.</subfield></datafield><datafield ind1="0" ind2="4" tag="785"><subfield code="t">Lyndon journal</subfield><subfield code="w">(DLC)sn 85029379</subfield></datafield></record>